@inproceedings{conf/nips/ZhouBLWS03,
  author    = {Dengyong Zhou and
               Olivier Bousquet and
               Thomas Navin Lal and
               Jason Weston and
               Bernhard Sch{\"{o}}lkopf},
  title     = {Learning with Local and Global Consistency},
  booktitle = {Advances in Neural Information Processing Systems 16  {(NIPS)}},
  pages     = {321--328},
  year      = {2003},
}
@Misc{timmurphy.org,
note = {\url{https://see.stanford.edu/materials/aimlcs229/cs229-notes8.pdf}},
title = {CS229 Lecture notes, The EM Algorithm},
author = {Andrew Ng}
}
