% Encoding: UTF-8

@misc{rl,
      title={Reinforcement Learning:An Introduction}, 
      author={Richard S. Sutton and Andrew G. Barto},
      year={2014},
}
@misc{mnih2013playing,
      title={Playing Atari with Deep Reinforcement Learning}, 
      author={Volodymyr Mnih and Koray Kavukcuoglu and David Silver and Alex Graves and Ioannis Antonoglou and Daan Wierstra and Martin Riedmiller},
      year={2013},
      eprint={1312.5602},
      archivePrefix={arXiv},
      primaryClass={cs.LG}
}

@article{journals/nature/MnihKSRVBGRFOPB15,
  author = {Mnih, Volodymyr and Kavukcuoglu, Koray and Silver, David and Rusu, Andrei A. and Veness, Joel and Bellemare, Marc G. and Graves, Alex and Riedmiller, Martin A. and Fidjeland, Andreas and Ostrovski, Georg and Petersen, Stig and Beattie, Charles and Sadik, Amir and Antonoglou, Ioannis and King, Helen and Kumaran, Dharshan and Wierstra, Daan and Legg, Shane and Hassabis, Demis},
  journal = {Nature},
  number = 7540,
  pages = {529-533},
  title = {Human-level control through deep reinforcement learning.},
  volume = 518,
  year = 2015
}
@misc{schulman2017proximal,
      title={Proximal Policy Optimization Algorithms}, 
      author={John Schulman and Filip Wolski and Prafulla Dhariwal and Alec Radford and Oleg Klimov},
      year={2017},
      eprint={1707.06347},
      archivePrefix={arXiv},
      primaryClass={cs.LG}
}

@misc{ho2016generative,
      title={Generative Adversarial Imitation Learning}, 
      author={Jonathan Ho and Stefano Ermon},
      year={2016},
      eprint={1606.03476},
      archivePrefix={arXiv},
      primaryClass={cs.LG}
}
@misc{goodfellow2014generative,
      title={Generative Adversarial Networks}, 
      author={Ian J. Goodfellow and Jean Pouget-Abadie and Mehdi Mirza and Bing Xu and David Warde-Farley and Sherjil Ozair and Aaron Courville and Yoshua Bengio},
      year={2014},
      eprint={1406.2661},
      archivePrefix={arXiv},
      primaryClass={stat.ML}
}
@misc{fu2018learning,
      title={Learning Robust Rewards with Adversarial Inverse Reinforcement Learning}, 
      author={Justin Fu and Katie Luo and Sergey Levine},
      year={2018},
      eprint={1710.11248},
      archivePrefix={arXiv},
      primaryClass={cs.LG}
}
@ARTICLE{9266753,
  author={X. {Zhang} and Y. {Li} and X. {Zhou} and J. {Luo}},
  journal={IEEE Transactions on Big Data}, 
  title={cGAIL: Conditional Generative Adversarial Imitation Learning—An Application in Taxi Drivers’ Strategy Learning}, 
  year={2020},
  volume={},
  number={},
  pages={1-1},
}
@inproceedings{NIPS2017_044a23ca,
 author = {Wang, Ziyu and Merel, Josh S and Reed, Scott E and de Freitas, Nando and Wayne, Gregory and Heess, Nicolas},
 booktitle = {Advances in Neural Information Processing Systems},
 editor = {I. Guyon and U. V. Luxburg and S. Bengio and H. Wallach and R. Fergus and S. Vishwanathan and R. Garnett},
 pages = {5320--5329},
 publisher = {Curran Associates, Inc.},
 title = {Robust Imitation of Diverse Behaviors},
 volume = {30},
 year = {2017}
}
@misc{sharma2019directedinfo,
      title={Directed-Info GAIL: Learning Hierarchical Policies from Unsegmented Demonstrations using Directed Information}, 
      author={Arjun Sharma and Mohit Sharma and Nicholas Rhinehart and Kris M. Kitani},
      year={2019},
      eprint={1810.01266},
      archivePrefix={arXiv},
      primaryClass={cs.LG}
}
@misc{xu2020error,
      title={Error Bounds of Imitating Policies and Environments}, 
      author={Tian Xu and Ziniu Li and Yang Yu},
      year={2020},
      eprint={2010.11876},
      archivePrefix={arXiv},
      primaryClass={cs.LG}
}
@misc{janner2019trust,
      title={When to Trust Your Model: Model-Based Policy Optimization}, 
      author={Michael Janner and Justin Fu and Marvin Zhang and Sergey Levine},
      year={2019},
      eprint={1906.08253},
      archivePrefix={arXiv},
      primaryClass={cs.LG}
}
@misc{j,
      title={PILCO: A Model-Based and Data-Efficient Approach to Policy Search}, 
      author={Marc Peter Deisenroth and Carl Edward Rasmussen},
      year={2011}
}
@misc{wu2020model,
      title={Model Imitation for Model-Based Reinforcement Learning}, 
      author={Yueh-Hua Wu and Ting-Han Fan and Peter J. Ramadge and Hao Su},
      year={2020},
      eprint={1909.11821},
      archivePrefix={arXiv},
      primaryClass={cs.LG}
}
@misc{arjovsky2017wasserstein,
      title={Wasserstein GAN}, 
      author={Martin Arjovsky and Soumith Chintala and Léon Bottou},
      year={2017},
      eprint={1701.07875},
      archivePrefix={arXiv},
      primaryClass={stat.ML}
}

